@book{pickover2009math,
  title={The math book: from Pythagoras to the 57th dimension, 250 milestones in the history of mathematics},
  author={Pickover, Clifford A},
  year={2009},
  publisher={Sterling Publishing Company, Inc.}
}
@book{kuratowski2014introduction,
  title={Introduction to set theory and topology},
  author={Kuratowski, Kazimierz},
  volume={101},
  year={2014},
  publisher={Elsevier}
}
@article{jech2003set,
  title={Set theory. The third millennium edition},
  author={Jech, Thomas},
  journal={Springer Monographs in Mathematics. Springer-Verlag},
  year={2003}
}
@book{herrlich2006axiom,
  title={Axiom of choice},
  author={Herrlich, Horst},
  year={2006},
  publisher={Springer}
}
@article{zermelo1908untersuchungen,
  title={Untersuchungen {\"u}ber die Grundlagen der Mengenlehre. I},
  author={Zermelo, Ernst},
  journal={Mathematische Annalen},
  volume={65},
  number={2},
  pages={261--281},
  year={1908},
  publisher={Springer}
}
@article{fraenkel1922grundlagen,
  title={Zu den grundlagen der Cantor-Zermeloschen mengenlehre},
  author={Fraenkel, Adolf},
  journal={Mathematische annalen},
  volume={86},
  number={3},
  pages={230--237},
  year={1922},
  publisher={Springer}
}
@article{zorn1935remark,
  title={A remark on method in transfinite algebra},
  author={Zorn, Max},
  journal={Bulletin of the American Mathematical Society},
  volume={41},
  number={10},
  pages={667--670},
  year={1935}
}
@article{godel1938consistency,
  title={The consistency of the axiom of choice and of the generalized continuum-hypothesis},
  author={G{\"o}del, Kurt},
  journal={Proceedings of the National Academy of Sciences},
  volume={24},
  number={12},
  pages={556--557},
  year={1938},
  publisher={National Acad Sciences}
}
@book{cohen2008set,
  title={Set theory and the continuum hypothesis},
  author={Cohen, Paul J and Davis, Martin},
  year={2008},
  publisher={Courier Corporation}
}
